<?xml version="1.0" encoding="UTF-8"?><record xmlns="http://www.loc.gov/MARC21/slim" xmlns:cinclude="http://apache.org/cocoon/include/1.0" xmlns:zs="http://www.loc.gov/zing/srw/">
  <leader>00627cz  a2200169n  4500</leader>
  <controlfield tag="001">no2009150072</controlfield>
  <controlfield tag="003">DLC</controlfield>
  <controlfield tag="005">20161117175441.0</controlfield>
  <controlfield tag="008">090922n| acannaabn          |a aaa     c</controlfield>
  <datafield tag="010" ind1=" " ind2=" ">
    <subfield code="a">no2009150072</subfield>
  </datafield>
  <datafield tag="035" ind1=" " ind2=" ">
    <subfield code="a">(OCoLC)oca08246548</subfield>
  </datafield>
  <datafield tag="040" ind1=" " ind2=" ">
    <subfield code="a">ViU</subfield>
    <subfield code="b">eng</subfield>
    <subfield code="c">ViU</subfield>
    <subfield code="e">rda</subfield>
    <subfield code="d">DLC</subfield>
  </datafield>
  <datafield tag="046" ind1=" " ind2=" ">
    <subfield code="f">1971-12-31</subfield>
    <subfield code="2">edtf</subfield>
  </datafield>
  <datafield tag="100" ind1="1" ind2=" ">
    <subfield code="a">Oliveira, Mauricio C. de</subfield>
  </datafield>
  <datafield tag="400" ind1="1" ind2=" ">
    <subfield code="a">De Oliveira, Mauricio C.</subfield>
  </datafield>
  <datafield tag="670" ind1=" " ind2=" ">
    <subfield code="a">Tensegrity systems, c2009:</subfield>
    <subfield code="b">t.p. (Mauricio C. de Oliveira)</subfield>
  </datafield>
  <datafield tag="670" ind1=" " ind2=" ">
    <subfield code="a">Fundamentals of linear control, 2017:</subfield>
    <subfield code="b">ECIP t.p. (Mauri휍혖cio de Oliveira) data view (Mauri휍혖cio C. de Oliveira,  University of California, San Diego, b. Dec. 31, 1971)</subfield>
  </datafield>
</record>